<?xml version = "1.0" encoding = "UTF-8"?><record>
  <leader>01517naa#a2200385#c#4500</leader>
  <controlfield tag="005">20210408124337.0</controlfield>
  <controlfield tag="007">tu</controlfield>
  <controlfield tag="008">030212|2003####gw############|||#|#ger#c</controlfield>
  <controlfield tag="003">DE-605</controlfield>
  <controlfield tag="001">990119006850206441</controlfield>
  <datafield tag="035" ind1=" " ind2=" ">
    <subfield code="a">(DE-605)HT013577568</subfield>
  </datafield>
  <datafield tag="040" ind1=" " ind2=" ">
    <subfield code="a">61</subfield>
    <subfield code="b">ger</subfield>
    <subfield code="d">6</subfield>
    <subfield code="e">rakwb</subfield>
  </datafield>
  <datafield tag="041" ind1=" " ind2=" ">
    <subfield code="a">ger</subfield>
  </datafield>
  <datafield tag="044" ind1=" " ind2=" ">
    <subfield code="c">XA-DE</subfield>
  </datafield>
  <datafield tag="084" ind1=" " ind2=" ">
    <subfield code="a">Rheinland</subfield>
    <subfield code="0">https://nwbib.de/spatial#N03</subfield>
    <subfield code="2">nwbib</subfield>
    <subfield code="0">(uri) https://portal.dnb.de/opac.htm?method=simpleSearch&amp;cqlMode=true&amp;query=idn=040497887</subfield>
    <subfield code="0">(uri) http://viaf.org/viaf/sourceID/DNB|040497887</subfield>
  </datafield>
  <datafield tag="084" ind1=" " ind2=" ">
    <subfield code="a">Germanen</subfield>
    <subfield code="0">https://nwbib.de/subjects#N226040</subfield>
    <subfield code="2">nwbib</subfield>
    <subfield code="0">(uri) https://portal.dnb.de/opac.htm?method=simpleSearch&amp;cqlMode=true&amp;query=idn=040203786</subfield>
    <subfield code="0">(uri) http://viaf.org/viaf/sourceID/DNB|040203786</subfield>
  </datafield>
  <datafield tag="100" ind1="1" ind2=" ">
    <subfield code="a">Heinrichs, Johannes</subfield>
    <subfield code="4">aut</subfield>
  </datafield>
  <datafield tag="245" ind1="1" ind2="0">
    <subfield code="a">Ubier, Chatten, Bataver</subfield>
    <subfield code="b">Mittel- und Niederrhein ca. 70 - 71 v. Chr. anhand germanischer M&#252;nzen</subfield>
    <subfield code="c">von Johannes Heinrichs</subfield>
  </datafield>
  <datafield tag="264" ind1=" " ind2="1">
    <subfield code="c">2003</subfield>
    <subfield code="a"> </subfield>
  </datafield>
  <datafield tag="500" ind1=" " ind2=" ">
    <subfield code="a">In: Kontinuit&#228;t und Diskontinuit&#228;t / hrsg. von Thomas Gr&#252;newald ... - Berlin [u.a.], 2003. - (Reallexikon der germanischen Altertumskunde : Erg&#228;nzungsb&#228;nde ; 35). - S. [266]-344 : Ill., Kt.</subfield>
    <subfield code="9">F:525</subfield>
  </datafield>
  <datafield tag="689" ind1="0" ind2="0">
    <subfield code="a">Rheinland</subfield>
    <subfield code="D">g</subfield>
    <subfield code="0">(DE-588)4049788-4</subfield>
    <subfield code="0">(uri) https://portal.dnb.de/opac.htm?method=simpleSearch&amp;cqlMode=true&amp;query=idn=040497887</subfield>
    <subfield code="0">(uri) http://viaf.org/viaf/sourceID/DNB|040497887</subfield>
  </datafield>
  <datafield tag="689" ind1="0" ind2="1">
    <subfield code="a">R&#246;merzeit</subfield>
    <subfield code="D">s</subfield>
    <subfield code="0">(DE-588)4076769-3</subfield>
    <subfield code="0">(uri) https://portal.dnb.de/opac.htm?method=simpleSearch&amp;cqlMode=true&amp;query=idn=040767698</subfield>
    <subfield code="0">(uri) http://viaf.org/viaf/sourceID/DNB|040767698</subfield>
  </datafield>
  <datafield tag="689" ind1="0" ind2="2">
    <subfield code="a">Germanen</subfield>
    <subfield code="D">s</subfield>
    <subfield code="0">(DE-588)4020378-5</subfield>
    <subfield code="0">(uri) https://portal.dnb.de/opac.htm?method=simpleSearch&amp;cqlMode=true&amp;query=idn=040203786</subfield>
    <subfield code="0">(uri) http://viaf.org/viaf/sourceID/DNB|040203786</subfield>
    <subfield code="B">GND-040203786</subfield>
  </datafield>
  <datafield tag="689" ind1="0" ind2="3">
    <subfield code="a">M&#252;nze</subfield>
    <subfield code="D">s</subfield>
    <subfield code="0">(DE-588)4040629-5</subfield>
    <subfield code="0">(uri) https://portal.dnb.de/opac.htm?method=simpleSearch&amp;cqlMode=true&amp;query=idn=040406296</subfield>
    <subfield code="0">(uri) http://viaf.org/viaf/sourceID/DNB|040406296</subfield>
    <subfield code="B">GND-040406296</subfield>
  </datafield>
  <datafield tag="689" ind1="0" ind2="4">
    <subfield code="a">Geschichte 71 v. Chr.-70 v. Chr</subfield>
    <subfield code="A">z</subfield>
  </datafield>
  <datafield tag="689" ind1="1" ind2="0">
    <subfield code="a">Rheinland</subfield>
    <subfield code="D">g</subfield>
    <subfield code="0">(DE-588)4049788-4</subfield>
    <subfield code="0">(uri) https://portal.dnb.de/opac.htm?method=simpleSearch&amp;cqlMode=true&amp;query=idn=040497887</subfield>
    <subfield code="0">(uri) http://viaf.org/viaf/sourceID/DNB|040497887</subfield>
  </datafield>
  <datafield tag="689" ind1="2" ind2="0">
    <subfield code="a">R&#246;merzeit</subfield>
    <subfield code="D">s</subfield>
    <subfield code="0">(DE-588)4076769-3</subfield>
    <subfield code="0">(uri) https://portal.dnb.de/opac.htm?method=simpleSearch&amp;cqlMode=true&amp;query=idn=040767698</subfield>
    <subfield code="0">(uri) http://viaf.org/viaf/sourceID/DNB|040767698</subfield>
  </datafield>
  <datafield tag="689" ind1="2" ind2="1">
    <subfield code="a">M&#252;nzfund</subfield>
    <subfield code="D">s</subfield>
    <subfield code="0">(DE-588)4126078-8</subfield>
    <subfield code="0">(uri) https://portal.dnb.de/opac.htm?method=simpleSearch&amp;cqlMode=true&amp;query=idn=041260783</subfield>
    <subfield code="0">(uri) http://viaf.org/viaf/sourceID/DNB|041260783</subfield>
    <subfield code="B">GND-041260783</subfield>
  </datafield>
  <datafield tag="689" ind1="2" ind2="2">
    <subfield code="a">Geschichte 71 v. Chr.-70 v. Chr</subfield>
    <subfield code="A">z</subfield>
  </datafield>
  <datafield tag="773" ind1="0" ind2="8">
    <subfield code="i">Enthalten in</subfield>
    <subfield code="d"> 2003</subfield>
    <subfield code="w">(DE-605)HT013538692</subfield>
  </datafield>
  <datafield tag="960" ind1="1" ind2=" ">
    <subfield code="n">NWBib-61</subfield>
  </datafield>
  <datafield tag="964" ind1="0" ind2="s">
    <subfield code="F">030</subfield>
    <subfield code="A">a|1uc||||||17</subfield>
  </datafield>
  <datafield tag="964" ind1="0" ind2="s">
    <subfield code="F">050</subfield>
    <subfield code="A">a|||||||||||||</subfield>
  </datafield>
  <datafield tag="964" ind1="0" ind2="s">
    <subfield code="F">051</subfield>
    <subfield code="A">at||||||</subfield>
  </datafield>
  <datafield tag="035" ind1=" " ind2=" ">
    <subfield code="a">(DE-599)HBZHT013577568</subfield>
  </datafield>
  <datafield tag="MBD" ind1=" " ind2=" ">
    <subfield code="M">49HBZ_NETWORK</subfield>
    <subfield code="i">990119006850206441</subfield>
    <subfield code="n">HBZ Network</subfield>
  </datafield>
  <datafield tag="MNG" ind1=" " ind2=" ">
    <subfield code="c">System</subfield>
    <subfield code="f">ILS</subfield>
    <subfield code="i">marc21</subfield>
    <subfield code="k">01</subfield>
    <subfield code="e">false</subfield>
    <subfield code="d">2021-05-19 04:12:10 Europe/Berlin</subfield>
    <subfield code="g">011900685-HBZ01</subfield>
    <subfield code="j">60</subfield>
    <subfield code="a">import</subfield>
    <subfield code="b">2021-04-05 20:47:01 Europe/Berlin</subfield>
  </datafield>
  <datafield tag="GST" ind1=" " ind2=" ">
    <subfield code="a">Fundmu&#776;nze</subfield>
    <subfield code="A">GND</subfield>
    <subfield code="B">GND-041260783</subfield>
    <subfield code="C">450</subfield>
  </datafield>
  <datafield tag="GST" ind1=" " ind2=" ">
    <subfield code="a">Mu&#776;nzschatz</subfield>
    <subfield code="A">GND</subfield>
    <subfield code="B">GND-041260783</subfield>
    <subfield code="C">450</subfield>
  </datafield>
  <datafield tag="GSI" ind1="7" ind2=" ">
    <subfield code="a">http://d-nb.info/gnd/4126078-8</subfield>
    <subfield code="2">uri</subfield>
    <subfield code="A">GND</subfield>
    <subfield code="B">GND-041260783</subfield>
    <subfield code="C">024</subfield>
  </datafield>
  <datafield tag="GST" ind1=" " ind2=" ">
    <subfield code="a">Ro&#776;mische Zeit</subfield>
    <subfield code="A">GND</subfield>
    <subfield code="B">GND-040767698</subfield>
    <subfield code="C">450</subfield>
  </datafield>
  <datafield tag="GSI" ind1="7" ind2=" ">
    <subfield code="a">http://d-nb.info/gnd/4076769-3</subfield>
    <subfield code="2">uri</subfield>
    <subfield code="A">GND</subfield>
    <subfield code="B">GND-040767698</subfield>
    <subfield code="C">024</subfield>
  </datafield>
  <datafield tag="GSI" ind1="7" ind2=" ">
    <subfield code="a">4049788-4</subfield>
    <subfield code="0">http://d-nb.info/gnd/4049788-4</subfield>
    <subfield code="2">gnd</subfield>
    <subfield code="A">GND</subfield>
    <subfield code="B">GND-040497887</subfield>
    <subfield code="C">024</subfield>
  </datafield>
  <datafield tag="GGN" ind1=" " ind2=" ">
    <subfield code="a">Rheinlande</subfield>
    <subfield code="g">im engeren Sinn</subfield>
    <subfield code="9">v:B unter Rheinlande</subfield>
    <subfield code="A">GND</subfield>
    <subfield code="B">GND-040497887</subfield>
    <subfield code="C">451</subfield>
  </datafield>
  <datafield tag="GST" ind1=" " ind2=" ">
    <subfield code="a">Metallgeld</subfield>
    <subfield code="A">GND</subfield>
    <subfield code="B">GND-040406296</subfield>
    <subfield code="C">450</subfield>
  </datafield>
  <datafield tag="GST" ind1=" " ind2=" ">
    <subfield code="a">M&#252;nzen</subfield>
    <subfield code="A">GND</subfield>
    <subfield code="B">GND-040406296</subfield>
    <subfield code="C">450</subfield>
  </datafield>
  <datafield tag="GSI" ind1="7" ind2=" ">
    <subfield code="a">4040629-5</subfield>
    <subfield code="0">http://d-nb.info/gnd/4040629-5</subfield>
    <subfield code="2">gnd</subfield>
    <subfield code="A">GND</subfield>
    <subfield code="B">GND-040406296</subfield>
    <subfield code="C">024</subfield>
  </datafield>
  <datafield tag="GST" ind1=" " ind2=" ">
    <subfield code="a">Germanische Vo&#776;lker</subfield>
    <subfield code="A">GND</subfield>
    <subfield code="B">GND-040203786</subfield>
    <subfield code="C">450</subfield>
  </datafield>
  <datafield tag="GSI" ind1="7" ind2=" ">
    <subfield code="a">http://d-nb.info/gnd/4020378-5</subfield>
    <subfield code="2">uri</subfield>
    <subfield code="A">GND</subfield>
    <subfield code="B">GND-040203786</subfield>
    <subfield code="C">024</subfield>
  </datafield>
  <datafield tag="GST" ind1=" " ind2=" ">
    <subfield code="a">Ro&#776;mische Zeit</subfield>
    <subfield code="A">GND</subfield>
    <subfield code="B">GND-040767698</subfield>
    <subfield code="C">450</subfield>
  </datafield>
  <datafield tag="GSI" ind1="7" ind2=" ">
    <subfield code="a">http://d-nb.info/gnd/4076769-3</subfield>
    <subfield code="2">uri</subfield>
    <subfield code="A">GND</subfield>
    <subfield code="B">GND-040767698</subfield>
    <subfield code="C">024</subfield>
  </datafield>
  <datafield tag="GSI" ind1="7" ind2=" ">
    <subfield code="a">4049788-4</subfield>
    <subfield code="0">http://d-nb.info/gnd/4049788-4</subfield>
    <subfield code="2">gnd</subfield>
    <subfield code="A">GND</subfield>
    <subfield code="B">GND-040497887</subfield>
    <subfield code="C">024</subfield>
  </datafield>
  <datafield tag="GGN" ind1=" " ind2=" ">
    <subfield code="a">Rheinlande</subfield>
    <subfield code="g">im engeren Sinn</subfield>
    <subfield code="9">v:B unter Rheinlande</subfield>
    <subfield code="A">GND</subfield>
    <subfield code="B">GND-040497887</subfield>
    <subfield code="C">451</subfield>
  </datafield>
</record>